


@BOOK{Norton,
	title = {Design of Machinery},
	publisher = {McGrawHill Education},
	author = {Robert L. Norton},
	year = {2007},
	edition = {3th},
}

@ARTICLE{Classifications,
	author = {Tholen, D.J},
	title = {"Asteroid taxonomic classifications" Asteroids II},
	year = {1989},
	pages = {1139-1150},
	publisher = {University of Arizona}
}

@Lecture{1,
AUTHOR       = {Elverum, C. W.}, 
TITLE            = {DTM Classic & Set-Based design},
BOOKTITLE   = {},
YEAR             = {2017},
Address         = {Trondheim, Norway},
}

@ARTICLE{2,
AUTHOR    = {Tomiyama, Tetsuo \& Gu, P \& Jin, Yan & Lutters, Eric \& Kind, Christian \& Kimura, Fumihiko}, 
TITLE         = {Design methodologies: Industrial and educational applications},
JOURNAL  = {CIRP Annals-Manufacturing Technology},
YEAR         = {2009},
Volume      = {10},
Number     = {58},
Pages       = {543-565},
}
 
@BOOK{4,
AUTHOR     = {Pahl G. and Beitz W. and Feldhusen J. and Grote K. H.}, 
TITLE          = {Engineering Designâ€”A Systematic Approach},
PUBLISHER = {Wallace K, Blessing L (Trans. and Eds.)},
YEAR          = {2007},
}


@article{einstein,
    author =       "Albert Einstein",
    title =        "{Zur Elektrodynamik bewegter K{\"o}rper}. ({German})
        [{On} the electrodynamics of moving bodies]",
    journal =      "Annalen der Physik",
    volume =       "322",
    number =       "10",
    pages =        "891--921",
    year =         "1905",
    DOI =          "http://dx.doi.org/10.1002/andp.19053221004"
}
 
@online{SBD,
  author = {Set-Based Design},
  title = {Scaledagile},
  year = 2017,
  howpublished = {\url{{http://www.scaledagileframework.com/set-based-design/}},
  urldate = {2017-11-14}
}


@online{MVP,
  author = {Eric Renner},
  title = {Minimum Viable Product: a guide},
  year = 2009,
  howpublished = {\url{http://www.startuplessonslearned.com/2009/08/minimum-viable-product-guide.html}},
  urldate = {2017-11-14}
}
@online{crosscountry,
  photographer = {Quinn Rooney},
  title = {Minimum Viable Product: a guide},
  year = 2009,
  howpublished = {\url{http://cache.boston.com/multimedia/sports/bigshots/paralympics_2010/bs19.jpg}},
  urldate = {2017-11-14}
}

@online{rollerski,
  photographer = {NRK},
  title = {2010 Paralympics in Vancouver},
  year = 2010,
  howpublished = {\url{https://gfx.nrk.no/akkHlF2DhnLyKMgBF5texQQEfF0LYjv-e-UO1FrW_VFA}},
  urldate = {2017-11-14}
}

@masterthesis{bachelorthesis,
  author = {Fon, Berg, Johnsen},
  title = {Steering system for cross-country sit-skis},
  year = 2016,
}

@online{exerotech,
  photographer = {Mathias Berg},
  title = {Logo},
  year = 2016,
  howpublished = {\url{http://www.exerotech.com}},
  urldate = {2017-11-14}
}

@misc{exerotechdatabase,
    title = {Exero Technologies Database},
    year = {2017},
    publisher = {Google Drive},
}

@online{ula_jern,
  photographer = {Ula Jern},
  title = {Logo},
  year = 2014,
  howpublished = {\url{https://ulajern.wordpress.com/}},
  urldate = {2017-12-09}
}

@online{star_rapid,
  photographer = {Star Rapid},
  title = {Logo},
  year = 2012,
  howpublished = {\url{https://www.starrapid.com/}},
  urldate = {2017-12-09}
}

@online{3a,
  photographer = {3a Prototyping},
  title = {Logo},
  year = 2012,
  howpublished = {\url{http://www.3aprototype.com/index.html}},
  urldate = {2017-12-09}
}

@online{guangdong_facts,
  title = {Xihuan},
  year = 2006,
  howpublished = {\url{http://news.xinhuanet.com/english/2006-02/04/content_4133837.htm}},
  urldate = {2017-12-09}
}

@online{guangdong_map,
  title = {Guandong},
  year = 2012,
  howpublished = {\url{https://upload.wikimedia.org/wikipedia/commons/thumb/e/e3/Guangdong_in_China_%28%2Ball_claims_hatched%29.svg/1200px-Guangdong_in_China_%28%2Ball_claims_hatched%29.svg.png}}
  urldate = {2017-12-09}
}

@misc{zhihu,
    author = {},
    year = {2017},
    title = {Zhihu},
    howpublished = {\url{https://www.zhihu.com/}}
    urldate = {2017-12-09}
}

@misc{npd,
    author = {Oxford},
    year = {2009},
    title = {NPD},
    howpublished = {\url{https://www.worldcat.org/title/dictionary-of-business-and-management/oclc/277068142}
}

@BOOK{npd2,
	title = {The PDMA handbook of new product development},
	publisher = {John Wiley & Sons Inc},
	author = {Kahn, Kenneth B.},
	year = {2012},
	edition = {3th},
}

@misc{ideo,
	author = {Moen Ron},
	year = {2001},
	title = {A Review of the IDEO Process},
	howpublished = {\url{https://www.rwjf.org/content/dam/web-assets/2001/10/a-review-of-the-ideo-process}
}

@misc{bah,
    author = {},
    year = {},
    title = {Booz, Allen and Hamilton New Product Process},
    publisher = {Jones and Bartlett Learning},
    howpublished = {\url{http://samples.jbpub.com/9780763782610/82610_CH02_PASS02.pdf}
}

@misc{stage_gate,
    author = {Robert G. Cooper},
    year = {1990},
    title = {Stage-Gate Systems: A New Tool for Managing New Products},
    publisher = {Business Horizon},
    howpublished = {\url{https://ac.els-cdn.com/000768139090040I/1-s2.0-000768139090040I-main.pdf?_tid=9ffa9ab8-dd91-11e7-80a9-00000aacb361&acdnat=1512900498_b2a9d956038d59c7be8804d1a64bc31f}
}

@BOOK{prototype,
	title = {Prototype},
	publisher = {UXL Encyclopedia of Science},
	author = {Blackwell, A. H.; Manar, E.},
	year = {2015},
	edition = {3th},
}

@Lecture{christer,
AUTHOR       = {Elverum, C. W.}, 
TITLE            = {Advanced Product Development},
BOOKTITLE   = {},
YEAR             = {2017},
Address         = {Trondheim, Norway},
}


@misc{poc,
    howpublished = {\url{http://www.investorwords.com/3899/proof_of_concept.html}
}

@misc{manufacturing,
    howpublished = {\url{http://www.businessdictionary.com/definition/manufacturing.html}
}

@misc{metal,
    howpublished = {\url{https://www.britannica.com/science/metal-chemistry}
}

@misc{bcc,
    howpublished = {\url{http://www.bbc.co.uk/schools/gcsebitesize/design/resistantmaterials/processtechniquesrev8.shtml}
}

@online{bbc_pictures,
  photographer = {BBC},
  title = {Shaping by reforming},
  year = 2014,
  howpublished = {\url{http://www.bbc.co.uk/schools/gcsebitesize/design/resistantmaterials/processtechniquesrev8.shtml}},
  urldate = {2018-29-04}
}

@misc{extrusion2,
    howpublished = {\url{https://www.sme.org/WorkArea/DownloadAsset.aspx?id=73746}
}


@book{work_hardening,
	title = {Materials and Processes in Manufacturing},
	%page = {60}
	publisher = {Wiley},
	author = {Degarmo, E. Paul; Black, J T.; Kohser, Ronald A.},
	year = {2003},
	edition = {9th},
}

@BOOK{aluminum_extrusion,
	title = {Machinery's Handbook},
	page = {13-16}
	publisher = {New York: Industrial Press},
	author = {Oberg, Erik; Jones, Franklin D.; Horton, Holbrook L.; Ryffel, Henry H.},
	year = {2000},
	edition = {26th},
}

@online{plastic_extrusion,
  title = {Extrusion plastic},
  year = 2006,
  howpublished = {\url{https://en.wikipedia.org/wiki/Plastics_extrusion#/media/File:Extruder_with_sheet_die.jpg}}
  urldate = {2018-05-01}
}


@misc{die_casting,
    howpublished = {\url{https://www.dynacast.com/die-casting}
}

@misc{die_casting2,
    howpublished = {\url{http://www.custompartnet.com/wu/die-casting}
}

@MISC{cnc_picture,
    author = {{American Machinist}},
    title = {5-axis CNC machine},
    year = {2017},
    note = {[Online; accessed April 27, 2018]},
    howpublished = {{\url{URL http://www.americanmachinist.com/shop-operations/5-reasons-5-axis-cnc-machine-actually-good-your-shop}}
}






